% This file was created with JabRef 2.8.
% Encoding: UTF8

@Book{benevides2012aed,
  title =     {{A}dvanced engineering design - {A}n integrated approach},
  publisher = {Woodhead Publishing},
  year =      {2012},
  author =    {Efr\'{e}n M. Benavides},
  owner =     {foley},
  timestamp = {2016.2.10}
}

@InProceedings{bragason2015parachuterelease,
  author =    {Guðmundur Bragason and Steinar Þorsteinsson and Rútur Ingi Karlsson and Nico Grosse and Joseph Timothy Foley},
  title =     {{H}eat-activated {P}arachute {R}elease {S}ystem},
  year =      {2015},
  pages =     {131--136},
  crossref =  {icad2015},
  doi =       {10.1016/j.procir.2015.07.061},
  owner =     {foley},
  timestamp = {2016-03-09},
  OPTurl =       {http://www.sciencedirect.com/science/article/pii/S2212827115008203}
}

@BOOK{carryer2011IntroMechatronics,
  title = {Introduction to Mechatronic Design},
  publisher = {Pearson Education},
  year = {2011},
  author = {J. Edward Carryer and R. Matthew Ohline and Thomas W. Kenny},
  optaddress = {address},
  optannote = {annote},
  optedition = {edition},
  optkey = {key},
  optmonth = {month},
  optnote = {note},
  optnumber = {number},
  optseries = {series},
  optvolume = {volume}
}

@Article{cochran2016msdd,
  Title                    = {{U}se of the {M}anufacturing {S}ystem {D}esign {D}ecomposition for {C}omparative {A}nalysis and {E}ffective {D}esign of {P}roduction {S}ystems},
  Author                   = {David S. Cochran and Joseph T. Foley and Zhuming Bi},
  Year                     = {2016},
  Pages                    = {24},

  Journal                  = {International Journal of Production Research}
}


@ONLINE{goedegebure2015bigbuckbunny,
  author = {Sacha Goedegebure and Andy Goralczyk and Enrico Valenza and Nathan Vegdahl and William Reynish and Brecht Van Lommel and Campbell Barton and Jan Morgenstern and Ton Roosendaal},
  title = {Big Buck Bunny},
  year = 2008,
  month = 3,
  day = 19,
  file = {big_buck_bunny_720x480_1mb.mp4},
  URL = {http://peach.blender.org},
}

@InProceedings{gerhard2016suretrack,
  author = {Kristján Gerhard and Joseph Timothy Foley},
  title = {Redesign of the {S}ureTrack grader transfer bin using {A}xiomatic {D}esign},
  pages = {6},
  crossref = {icad2016},
  owner = {foley},
  timestamp = {2016.08.16},
}

@InProceedings{guls2016auvlight,
  author = {Jevgenij Guls and \'{O}lafur Ingi Bjarnason and \'{O}skar P\'{e}tursson and Sævar \"{O}rn Einarsson and Joseph Timothy Foley},
  title = {{A}pplication of {A}xiomatic {D}esign in designing Autonomous Underwater photography lighting},
  pages = {6},
  crossref = {icad2016},
  owner = {foley},
  timestamp = {2016.08.16},
}

@ONLINE{hall_virtuousmachines,
    author = {J. Storrs Hall},
    title = {The Age of Virtuous Machines},
    publisher = {Lifeboat Foundation: Safegarding Humanity Website},
    url = {http://lifeboat.com/ex/the.age.of.virtuous.machines},
}

@InProceedings{jonsson2015uget,
  author =    {Berg\th{}\'{o}r L\'{a}r J\'{o}nsson and Gar\dt{}ar \"{O}rn Gar\dh{}arsson and \'{O}skar P\'{e}tursson and Sigur\dh{}ur Bjarki Hlynsson and Joseph Timothy Foley},
  title =     {{U}ltrasonic gasoline evaporation transducer --- reduction of internal combustion engine fuel consumption using axiomatic design},
  year =      {2015},
  pages =     {168--172},
  crossref =  {icad2015},
  doi =       {10.1016/j.procir.2015.07.061},
  owner =     {foley},
  timestamp = {2016-03-09},
  url =       {http://www.sciencedirect.com/science/article/pii/S2212827115008203}
}


@MISC{kreher2005pseudocode,
  author = {D.L. Kreher and D.R. Stinson},
  title = {Pseudocode: A {LaTeX} Style File for Displaying Algorithms},
  year = {2005},
  url = {http://mirror.hmc.edu/ctan/macros/latex/contrib/pseudocode/pseudocode.pdf}
}

@ONLINE{krystek2003moonhoax,
    title = {The Great Moon Landing Hoax},
    author = {Lee Krystek},
    year = 2003,
    publisher = {The Museum of Unnatural History Website},
    url = {http://www.unmuseum.org/moonhoax.htm},
}

@InProceedings{omarsdottir2016chessmate,
  author = {Freyja Yeatman Ómarsdóttir and Róbert Bjarnar Ólafsson and Joseph Timothy Foley},
  title = {The axiomatic design of Chessmate: a chess-playing robot},
  pages = {6},
  crossref = {icad2016},
  owner = {foley},
  timestamp = {2016.07.15},
}

@ONLINE{ramirez2010sharkweek,
    author = {Richard Ramirez},
    title = {Shark Week},
    year = {2010},
    publisher = {Atomic Gator Wordpress},
    url = {http://atomicgator.wordpress.com/2010/08/01/shark-week/},
}

@InProceedings{solvason2015spectrometer,
  author =    {Gunnar Óli Sölvason and Joseph Timothy Foley},
  title =     {{L}ow-cost spectrometer for {I}celandic chemistry education},
  year =      {2015},
  pages =     {156--161},
  crossref =  {icad2015},
  doi =       {10.1016/j.procir.2015.07.061},
  owner =     {foley},
  timestamp = {2016-03-09},
  url =       {http://www.sciencedirect.com/science/article/pii/S2212827115008203}
}

@InProceedings{suh2015challenges,
  author =    {Nam Pyo Suh},
  title =     {{C}hallenges in dealing with large systems},
  year =      {2015},
  pages =     {1--15},
  note =      {Keynote},
  crossref =  {icad2015},
  owner =     {foley},
  timestamp = {2016-02-21}
}

@Book{suh1990principles,
  title =     {{T}he {P}rinciples of {D}esign},
  publisher = {Oxford University Press},
  year =      {1990},
  author =    {Nam Pyo Suh},
  owner =     {foley},
  timestamp = {2016.02.23}
}

@Article{suh1995designinginquality,
  author =    {Nam Pyo Suh},
  title =     {{D}esigning-in of quality through axiomatic design},
  journal =   {Reliability, IEEE Transactions on},
  year =      {1995},
  volume =    {44},
  number =    {2},
  pages =     {256-264},
  owner =     {foley},
  timestamp = {2016.02.23}
}

@Article{suh1998adsystems,
  author =    {Nam Pyo Suh},
  title =     {{A}xiomatic design theory for systems},
  journal =   {Research in engineering design},
  year =      {1998},
  volume =    {10},
  number =    {4},
  pages =     {189-209},
  owner =     {foley},
  publisher = {Springer},
  timestamp = {2016.02.23}
}

@InProceedings{suh1998manufacturing,
  author =    {Nam Pyo Suh and David S. Cochran and P. C. Lima},
  title =     {{M}anufacturing {S}ystem {D}esign},
  booktitle = {48th {G}eneral {A}ssembly of {C}ollege {I}nternational {P}our {L}a {R}echerche en {P}roductique ({CIRP}), {A}nnals of the {CIRP}},
  year =      {1998},
  volume =    {47},
  pages =     {627--639},
  owner =     {foley},
  timestamp = {2016-02-20}
}

@Book{suh2001axiomatic,
  title =     {{A}xiomatic {D}esign - {A}dvances and {A}pplications},
  publisher = {Oxford University Press},
  year =      {2001},
  author =    {Nam Pyo Suh},
  owner =     {foley},
  timestamp = {2016-03-09}
}

@Book{suh2005complexity,
  title =     {{C}omplexity},
  publisher = {Oxford University Press},
  year =      {2005},
  author =    {Nam Pyo Suh},
  owner =     {foley},
  timestamp = {2016.02.23}
}

@InProceedings{thompson2013classification,
  author = {Mary Katheryn Thompson},
  title = {A classification of procedural errors in the definition of functional requirements in {A}xiomatic {D}esign theory},
  year = {2013},
  pages = {1--6},
  crossref = {icad2013},
  owner =     {foley},
  timestamp = {2016-06-01}  
}

@MISC{verna2013fixme,
  author = {Didier Verna},
  title = {FiXme -- Collaborative annotation tool for LaTeX},
  howpublished = {Online},
  month = jan,
  year = {2013},
  owner = {foley},
  timestamp = {2014.10.17},
  url = {http://ctan.uib.no/macros/latex/contrib/fixme/fixme.pdf}
}

@MISC{Warbrick94essentiallatex,
  author = {Jon Warbrick},
  title = {Essential LATEX ++},
  year = {1994}
}

@MISC{wright2014siunitx,
  author = {Joseph Wright},
  title = {siunitx -- A comprehensive (SI) units package},
  howpublished = {Online},
  month = oct,
  year = {2014},
  owner = {foley},
  timestamp = {2014.10.17},
  url = {http://ctan.uib.no/macros/latex/contrib/siunitx/siunitx.pdf}
}

@MISC{URL:ru.is,
  title = {Reykjavik University Website},
  key = {Reykjavik University},
  url = {www.ru.is}
}

%% the crossref targets go at the end

@Proceedings{icad2013,
  title =        {7th {I}nternational {C}onference on {A}xiomatic {D}esign ({ICAD} 2013)},
  year =         {2013},
  editor =       {Mary Kathryn Thompson},
  volume =       {32},
  address =      {Worchester, MA},
  publisher =    {Axiomatic Design Solutions, Inc.},
  note =         {Jun. 27--28},
  organization = {CIRP},
  booktitle =    {8th {I}nternational {C}onference on {A}xiomatic {D}esign ({ICAD} 2014)},
  optmonth =     {#jun#},
  owner =        {foley},
  timestamp =    {2016.02.23}
}


@Proceedings{icad2014,
  title =        {8th {I}nternational {C}onference on {A}xiomatic {D}esign ({ICAD} 2014)},
  year =         {2014},
  editor =       {Mary Kathryn Thompson},
  volume =       {33},
  address =      {Lisboa, Portugal},
  publisher =    {Axiomatic Design Solutions, Inc.},
  note =         {Sep. 24--26},
  organization = {CIRP},
  booktitle =    {8th {I}nternational {C}onference on {A}xiomatic {D}esign ({ICAD} 2014)},
  optmonth =     {#sep#},
  owner =        {foley},
  timestamp =    {2016.02.23}
}

@Proceedings{icad2015,
  title =        {9th {I}nternational {C}onference on {A}xiomatic {D}esign ({ICAD})},
  year =         {2015},
  editor =       {Mary Kathryn Thompson and Alessandro Giorgetti and Paolo Citti and Dominik Matt and Nam P. Suh},
  volume =       {34},
  address =      {Florence, Italy},
  publisher =    {Elsevier ScienceDirect},
  organization = {Procedia CIRP},
  booktitle =    {Procedia CIRP, 9th {I}nternational {C}onference on {A}xiomatic {D}esign ({ICAD})},
  doi =          {10.1016/j.procir.2015.07.061},
  owner =        {foley},
  timestamp =    {2016-03-09}
}

@Proceedings{icad2016,
  title =        {10th {I}nternational {C}onference on {A}xiomatic {D}esign ({ICAD})},
  year =         {2016},
  editor =       {Ang Liu},
  volume =       {35},
  address =      {Xi'an, China},
  publisher =    {Elsevier ScienceDirect},
  organization = {Procedia CIRP},
  booktitle =    {Procedia CIRP, 10th {I}nternational {C}onference on {A}xiomatic {D}esign ({ICAD})},
  owner =        {foley},
  timestamp =    {2016-08-16},
}

