% Encoding: UTF-8

@InProceedings{suh2015challenges,
  author =    {Nam Pyo Suh},
  title =     {{C}hallenges in dealing with large systems},
  year =      {2015},
  pages =     {1--15},
  note =      {Keynote},
  crossref =  {icad2015},
  owner =     {foley},
  timestamp = {2016-02-21}
}

@InProceedings{solvason2015spectrometer,
  author =    {Gunnar Óli Sölvason and Joseph Timothy Foley},
  title =     {{L}ow-cost spectrometer for {I}celandic chemistry education},
  year =      {2015},
  pages =     {156--161},
  crossref =  {icad2015},
  doi =       {10.1016/j.procir.2015.07.061},
  owner =     {foley},
  timestamp = {2016-03-09},
  url =       {http://www.sciencedirect.com/science/article/pii/S2212827115008203}
}

@InProceedings{jonsson2015uget,
  author =    {Berg\th{}\'{o}r L\'{a}r J\'{o}nsson and Gar\dt{}ar \"{O}rn Gar\dh{}arsson and \'{O}skar P\'{e}tursson and Sigur\dh{}ur Bjarki Hlynsson and Joseph Timothy Foley},
  title =     {{U}ltrasonic gasoline evaporation transducer --- reduction of internal combustion engine fuel consumption using axiomatic design},
  year =      {2015},
  pages =     {168--172},
  crossref =  {icad2015},
  doi =       {10.1016/j.procir.2015.07.061},
  owner =     {foley},
  timestamp = {2016-03-09},
  url =       {http://www.sciencedirect.com/science/article/pii/S2212827115008203}
}

@InProceedings{bragason2015parachuterelease,
  author =    {Guðmundur Bragason and Steinar Þorsteinsson and Rútur Ingi Karlsson and Nico Grosse and Joseph Timothy Foley},
  title =     {{H}eat-activated {P}arachute {R}elease {S}ystem},
  year =      {2015},
  pages =     {131--136},
  crossref =  {icad2015},
  doi =       {10.1016/j.procir.2015.07.061},
  owner =     {foley},
  timestamp = {2016-03-09},
  url =       {http://www.sciencedirect.com/science/article/pii/S2212827115008203}
}

@Article{Vander,
  author =    {J. Van der Geer and J. A. J. Hanraads and R. A. Lupton},
  title =     {{T}he art of writing ascientific article},
  journal =   {J Sci Commun},
  year =      {2000},
  volume =    {163},
  pages =     {51-9},
  owner =     {foley},
  timestamp = {2015.01.26}
}

@InProceedings{thompson2014additive,
  author =    {Mary Kathryn Thompson and Joseph Timothy Foley},
  title =     {{C}oupling and {C}omplexity in {A}dditive {M}anufacturing {P}rocesses},
  booktitle = {8th {I}nternational {C}onference on {A}xiomatic {D}esign},
  year =      {2014},
  pages =     {177--182},
  address =   {Lisbon, Portugal},
  month =     {September},
  abstract =  {This work analyzes and compares traditional subtractive machining
	processes (milling and turning) and additive manufacturing processes
	(fused deposition modeling, selective sintering, stereolithography,
	and 3D printing) in an Axiomatic Design context. The processes are
	examined from a local and isothermal perspective then as time-varying
	systems to determine the degree of coupling and time-dependent complexity
	they exhibit. It is shown that subtractive processes exhibit more
	coupling within the design matrix than},
  owner =     {foley},
  timestamp = {2015.09.21},
  url =       {http://www.axiomaticdesign.com/technology/icad/icad2014/26-Thompson-et-al-paper.pdf}
}

@Book{suh2005complexity,
  title =     {{C}omplexity},
  publisher = {Oxford University Press},
  year =      {2005},
  author =    {Nam Pyo Suh},
  owner =     {foley},
  timestamp = {2016.02.23}
}

@Book{suh2001axiomatic,
  title =     {{A}xiomatic {D}esign - {A}dvances and {A}pplications},
  publisher = {Oxford University Press},
  year =      {2001},
  author =    {Nam Pyo Suh},
  owner =     {foley},
  timestamp = {2016-03-09}
}

@InProceedings{suh1998manufacturing,
  author =    {Nam Pyo Suh and David S. Cochran and P. C. Lima},
  title =     {{M}anufacturing {S}ystem {D}esign},
  booktitle = {48th {G}eneral {A}ssembly of {C}ollege {I}nternational {P}our {L}a {R}echerche en {P}roductique ({CIRP}), {A}nnals of the {CIRP}},
  year =      {1998},
  volume =    {47},
  pages =     {627--639},
  owner =     {foley},
  timestamp = {2016-02-20}
}

@Article{suh1998adsystems,
  author =    {Nam Pyo Suh},
  title =     {{A}xiomatic design theory for systems},
  journal =   {Research in engineering design},
  year =      {1998},
  volume =    {10},
  number =    {4},
  pages =     {189-209},
  owner =     {foley},
  publisher = {Springer},
  timestamp = {2016.02.23}
}

@Article{suh1995designinginquality,
  author =    {Nam Pyo Suh},
  title =     {{D}esigning-in of quality through axiomatic design},
  journal =   {Reliability, IEEE Transactions on},
  year =      {1995},
  volume =    {44},
  number =    {2},
  pages =     {256-264},
  owner =     {foley},
  timestamp = {2016.02.23}
}

@Book{suh1990principles,
  title =     {{T}he {P}rinciples of {D}esign},
  publisher = {Oxford University Press},
  year =      {1990},
  author =    {Nam Pyo Suh},
  owner =     {foley},
  timestamp = {2016.02.23}
}

@Book{Strunk,
  title =     {{T}he elements of style},
  publisher = {Harcourt, Brace, and Howe},
  year =      {1920},
  author =    {William Strunk, Jr. and E. B. White},
  owner =     {foley},
  timestamp = {2015.01.26}
}

@Book{slocum2008fundamentals,
  title =     {{FUN}da{MENTALS} of {D}esign},
  publisher = {MIT Precision Engineering Research Group},
  year =      {2008},
  author =    {Alexander H. Slocum},
  month =     feb,
  owner =     {foley},
  timestamp = {2016-03-09},
  url =       {http://pergatory.mit.edu/resources/FUNdaMENTALS.html}
}

@InCollection{Mettam,
  author =    {G. R. Mettam and L. B. Adams},
  title =     {{H}ow to prepare an electronic version of your article},
  booktitle = {{I}ntroduction to the electronic age},
  publisher = {E-Publishing Inc.},
  year =      {1999},
  editor =    {B. S. Jones and R. Z. Smith},
  chapter =   {1},
  pages =     {281 -- 304},
  address =   {New York},
  owner =     {foley},
  timestamp = {2015.01.26}
}

@Proceedings{icad2015,
  title =        {{P}roceedings of {C}ollege {I}nternational {P}our {L}a {R}echerche en {P}roductique ({CIRP}), 9th {I}nternational {C}onference on {A}xiomatic {D}esign ({ICAD})},
  year =         {2015},
  editor =       {Mary Kathryn Thompson and Alessandro Giorgetti and Paolo Citti and Dominik Matt and Nam P. Suh},
  volume =       {34},
  address =      {Florence, Italy},
  publisher =    {Elsevier ScienceDirect},
  organization = {Procedia CIRP},
  booktitle =    {{P}roceedings of {C}ollege {I}nternational {P}our {L}a {R}echerche en {P}roductique ({CIRP}), 9th {I}nternational {C}onference on {A}xiomatic {D}esign ({ICAD})},
  doi =          {10.1016/j.procir.2015.07.061},
  owner =        {foley},
  timestamp =    {2016-03-09}
}

@Proceedings{icad2014,
  title =        {8th {I}nternational {C}onference on {A}xiomatic {D}esign ({ICAD} 2014)},
  year =         {2014},
  editor =       {Mary Kathryn Thompson},
  volume =       {33},
  address =      {Lisboa, Portugal},
  publisher =    {Axiomatic Design Solutions, Inc.},
  note =         {Sep. 24--26},
  organization = {College International Pour La Recherche en Productique (CIRP)},
  booktitle =    {8th {I}nternational {C}onference on {A}xiomatic {D}esign ({ICAD} 2014)},
  optmonth =     {#sep#},
  owner =        {foley},
  timestamp =    {2016.02.23}
}

@Book{carryer2011IntroMechatronics,
  title =      {{I}ntroduction to {M}echatronic {D}esign},
  publisher =  {Pearson Education},
  year =       {2011},
  author =     {J. Edward Carryer and R. Matthew Ohline and Thomas W. Kenny},
  optaddress = {address},
  optannote =  {annote},
  optedition = {edition},
  optkey =     {key},
  optmonth =   {month},
  optnote =    {note},
  optnumber =  {number},
  optseries =  {series},
  optvolume =  {volume},
  owner =      {foley},
  timestamp =  {2016-03-09}
}

@Book{benevides2012aed,
  title =     {{A}dvanced engineering design - {A}n integrated approach},
  publisher = {Woodhead Publishing},
  year =      {2012},
  author =    {Efr\'{e}n M. Benavides},
  owner =     {foley},
  timestamp = {2016.2.10}
}
